<?xml version="1.0" encoding="UTF-8" ?><marc:collection xmlns:marc="http://www.loc.gov/MARC21/slim" xmlns:xsi="http://www.w3.org/2001/XMLSchema-instance" xsi:schemaLocation="http://www.loc.gov/MARC21/slim http://www.loc.gov/standards/marcxml/schema/MARC21slim.xsd">
<marc:record><marc:leader>01187cpc a2200229Ia 4500</marc:leader>
<marc:controlfield tag="001">002138382</marc:controlfield>
<marc:controlfield tag="003">OCoLC</marc:controlfield><marc:controlfield tag="005">19960716115025.0</marc:controlfield><marc:controlfield tag="008">960716i19001909vp                  eng d</marc:controlfield><marc:datafield tag="035" ind1=" " ind2=" "><marc:subfield code="a">35089702</marc:subfield></marc:datafield><marc:datafield tag="040" ind1=" " ind2=" "><marc:subfield code="a">NDK</marc:subfield><marc:subfield code="c">NDK</marc:subfield></marc:datafield><marc:datafield tag="049" ind1=" " ind2=" "><marc:subfield code="a">NDNX</marc:subfield></marc:datafield><marc:datafield tag="096" ind1=" " ind2=" "><marc:subfield code="a">x</marc:subfield></marc:datafield><marc:datafield tag="100" ind1="1" ind2=" "><marc:subfield code="a">Goodhue, Edward Solon,</marc:subfield><marc:subfield code="d">1863-1935.</marc:subfield></marc:datafield><marc:datafield tag="245" ind1="1" ind2="0"><marc:subfield code="a">Papers,</marc:subfield><marc:subfield code="f">1900-1909 and undated.</marc:subfield></marc:datafield><marc:datafield tag="300" ind1=" " ind2=" "><marc:subfield code="a">11</marc:subfield><marc:subfield code="f">items.</marc:subfield></marc:datafield><marc:datafield tag="520" ind1="8" ind2=" "><marc:subfield code="a">Mostly ALS. W.D. Alexander writes on Hawaiian history and refers to Goodhue's book. Drs. Fontoynont, Miyajima, Jeanselme, Montizombert, Némorin and Anpeville write in reply to Goodhue's requests for information on literature on leprosy in their respective countries. Drs. Lie and Hansen of Bergen writes with reference to the Second International Leprosy Congress held in 1909. M.F. Obregon writes regarding an appointment. Among the letters is a typed manuscript, with answers to question on leprosy, signed by an unknown person.</marc:subfield></marc:datafield><marc:datafield tag="545" ind1=" " ind2=" "><marc:subfield code="a">Physician and specialist on leprosy.</marc:subfield></marc:datafield><marc:datafield tag="650" ind1=" " ind2="2"><marc:subfield code="a">Leprosy.</marc:subfield></marc:datafield><marc:datafield tag="700" ind1="1" ind2=" "><marc:subfield code="a">Alexander, W. D.</marc:subfield><marc:subfield code="q">(William De Witt),</marc:subfield><marc:subfield code="d">1833-1913.</marc:subfield></marc:datafield><marc:datafield tag="700" ind1="1" ind2=" "><marc:subfield code="a">Hansen, G. Armauer</marc:subfield><marc:subfield code="q">(Gerhard Armauer),</marc:subfield><marc:subfield code="d">1841-1912.</marc:subfield></marc:datafield><marc:datafield tag="710" ind1="2" ind2=" "><marc:subfield code="a">History of Medicine Collections (Duke University)</marc:subfield></marc:datafield></marc:record>
</marc:collection>
